@book{
GBV-013548271,
title = {Combinatorial theory},
author = {Hall, Marshall},
address = {New York [u.a.]},
publisher = {Wiley},
year = {1986},
edition = {2. ed.},
pages = {XV, 440 S.},
note = {Literaturverz. S. 428 - 435},
url = http://www.gbv.de/dms/hbz/toc/ht002860500.pdf,
crossref = http://suche.thulb.uni-jena.de/vufind/Record/013548271
}
